<record><leader>00000cas a22000007a 4500</leader><controlfield tag="001">23719776</controlfield><controlfield tag="008">910509d18811884mauwr ne      0    0eng d</controlfield><datafield ind1=" " ind2=" " tag="010"><subfield code="a">sn 91057074 </subfield></datafield><datafield ind1=" " ind2=" " tag="040"><subfield code="a">MGN</subfield><subfield code="b">eng</subfield><subfield code="c">MGN</subfield><subfield code="d">OCLCQ</subfield></datafield><datafield ind1=" " ind2=" " tag="042"><subfield code="a">msc</subfield></datafield><datafield ind1="0" ind2=" " tag="130"><subfield code="a">New enterprise (Boston, Mass.)</subfield></datafield><datafield ind1="1" ind2="4" tag="245"><subfield code="a">The new enterprise.</subfield></datafield><datafield ind1=" " ind2=" " tag="260"><subfield code="a">Charlestown [Boston, Mass.] :</subfield><subfield code="b">New Enterprise Pub. Co.</subfield></datafield><datafield ind1=" " ind2=" " tag="300"><subfield code="a">v.</subfield></datafield><datafield ind1=" " ind2=" " tag="310"><subfield code="a">Weekly</subfield></datafield><datafield ind1="0" ind2=" " tag="362"><subfield code="a">Vol. 1, no. 1 (Jan. 7, 1882)-</subfield></datafield><datafield ind1="1" ind2=" " tag="362"><subfield code="a">Ceased Oct. 25, 1884.</subfield></datafield><datafield ind1=" " ind2=" " tag="500"><subfield code="a">Editor: John B. Wright, Jan. 28, 1882-</subfield></datafield><datafield ind1=" " ind2=" " tag="500"><subfield code="a">Publisher: Samuel C. Hunt &amp; Co., Jan. 28, 1882-</subfield></datafield><datafield ind1=" " ind2=" " tag="752"><subfield code="a">United States</subfield><subfield code="b">Massachusetts</subfield><subfield code="c">Suffolk</subfield><subfield code="d">Boston.</subfield></datafield><datafield ind1=" " ind2=" " tag="752"><subfield code="a">United States</subfield><subfield code="b">Massachusetts</subfield><subfield code="c">Suffolk</subfield><subfield code="d">Charlestown.</subfield></datafield><datafield ind1="0" ind2="0" tag="785"><subfield code="t">Charlestown enterprise (Boston, Mass. : 1884)</subfield><subfield code="w">(DLC)sn 91057075</subfield></datafield></record>